@article{irvin,
AUTHOR={J. Irvin and  P. Rajpurkar and M. Ko and Y. Yu and S. Ciurea-Ilcus and C. Chute and H. Marklund and B. Haghgoo and R. L. Ball and K. S. Shpanskaya and J. Seekins and D. A. Mong and S. S. Halabi and J. K. Sandberg and R. Jones and D. B. Larson and  C. P. Langlotz and B. N. Patel and  M. P. Lungren and A. Y. Ng},
TITLE ={CheXpert: A Large Chest Radiograph Dataset with Uncertainty Labels and Expert Comparison},
YEAR={2019}, 
JOURNAL={Proceedings of the AAAI Conference on Artificial Intelligence},
 VOLUMN={33} No 01: AAAI-19, IAAI-19, EAAI-20, 
PAGES={590-597},
}



 @article{wang,
 AUTHOR={X. Wang and Y. Peng and L. Lu and Z. Lu and M. Bagheri and R. M. Summers}, 
 TITLE= {ChestX-Ray8: Hospital-Scale Chest X-Ray Database and Benchmarks on Weakly-Supervised Classification and Localization of Common Thorax Diseases}, 
 YEAR={2017},
  JOURNAL={IEEE Conference on Computer Vision and Pattern Recognition (CVPR), Honolulu, HI}, 
 PAGES={3462-3471},
 }
 
 @INPROCEEDINGS{huang,  author={G. {Huang} and Z. {Liu} and L. {Van Der Maaten} and K. Q. {Weinberger}},  booktitle={2017 IEEE Conference on Computer Vision and Pattern Recognition (CVPR)},  title={Densely Connected Convolutional Networks},   year={2017},  volume={},  number={},  pages={2261-2269},}
 

@article{Li2019,
AUTHOR={Z. Li and C. Wang and M. Han and Y. Xue and W. Wei and L. Li and F. Li}, 
TITLE = {Thoracic Disease Identification and Localization with Limited Supervision}, 
YEAR={2019}, 
JOURNAL ={Advances in Computer Vision and Pattern Recognition}, 
PUBLISHER={Springer, Cham},
}

@article{rajpurkar,
AUTHOR={P. Rajpurkar and J. Irvin and K. Zhu and B. Yang and H. Mehta and T. Duan and D. Ding and A. Bagul and C. Langlotz and K. Shpanskaya and M. P. Lungren and A. Y. Ng}, 
TITLE={Chexnet: Radiologist-level pneumonia detection on chest x-rays with deep learning}, 
JOURNAL={arXiv:1711.05225}, 
YEAR={2017},
}

@article{ge,
AUTHOR={Z. Ge and D. Mahapatra and S. Sedai and R. Chakravorty and R. Garnavi},
TITLE={Chest X-rays Classification: a Multi-Label and Fine-Grained Problem},
JOURNAL = {arXiv:1807.07247v3},
YEAR={2018},
}

@article{yao,
AUTHOR={L. Yao and J. Prosky and E. Poblenz and B. Covington and K. Lyman},
TITLE={Weakly Supervised Medical Diagnosis and Localization from Multiple Resolutions},
JOURNAL={arXiv:1803.07703v1},
YEAR={2018},
}

@article{gundel,
AUTHOR={S. G{\"u}ndel and S. Grbic and B. Georgescu and S. Liu and A. Maier
and D. Comaniciu},
TITLE={Learning to Recognize Abnormalities in Chest X-Rays with Location-Aware Dense Networks},
booktitle="Progress in Pattern Recognition, Image Analysis, Computer Vision, and Applications",
year="2019",
publisher="Springer International Publishing",
address="Cham",
pages="757--765",

}

@article{liu,
AUTHOR={H. Liu and L. Wang and Y. Nan and F. Jin and Q. Wang and J. Pu},
TITLE={SDFN: Segmentation-based deep fusion network for thoracic disease classification in chest X-ray images},
JOURNAL={Computerized Medical Imaging and Graphics},
YEAR={2019},
VOLUMN={75},
PAGES={66-73},
}

@article{zhou,
	AUTHOR={Bolei Zhou and Aditya Khosla and Agata Lapedriza and Aude Oliva and Antonio Torralba},
	TITLE={Learning Deep Features for Discriminative Localization},
	JOURNAL={Proceedings
	of the IEEE Conference on Computer Vision and
	Pattern Recognition},
	YEAR={2016},
	PAGES={2921-2929}
}

@article{Selvaraju,
	AUTHOR={Selvaraju, R, R and Das, A and Vedantam, R and Cogswell, M and Parikh. D and Bartra, D},
	TITLE={Grad-cam: Why did you say that? visual explanations from deep networks via gradient-based localization},
	JOURNAL={CoRR, abs/1610.023917},
	YEAR={2016},
}